@book{CHAMPY2010,  
  address = {Rio de Janeiro},
  author = {Jim Cahmpy},
  publisher = {Elsevier},
  title = {Inspire-se: casos práticos e inspirações para fazer os clientes voltarem},
  year = 2010
}
@Book{livroBraga,
  author =       {A. P. Braga and A. P. L. F. Carvalho and T. B. Ludemir},
  title =        {{Redes Neurais Artificiai{\normalfont: Teoria e Aplica\c{c}\~{o}es}}},
  publisher =    {Livros T\'{e}cnicos e Cient\'{i}ficos},
  address =      {Rio de Janeiro, RJ},
  year =         {2007}
}
@misc{NBR8800,
	author = {ABNT},
	editor = {ASSOCIAÇÃO BRASILEIRA DE NORMAS TÉCNICAS},
	title = {NBR 8800 {\normalfont: Projeto de estruturas de aço e de estruturas mistas de aço e concreto de edifícios}},
	year = {2008},
	address = {Rio de Janeiro},
	organization = {ABNT - ASSOCIAÇÃO BRASILEIRA DE NORMAS TÉCNICAS},
}

@ARTICLE{Zhong2018, 
author={C. Zhong and X. Mu and X. He and B. Zhan and B. Niu}, 
journal={IEEE Geoscience and Remote Sensing Letters}, 
title={Classification for SAR Scene Matching Areas Based on Convolutional Neural Networks}, 
year={2018}, 
volume={}, 
number={}, 
pages={1-5}, 
keywords={Correlation;Data mining;Feature extraction;Imaging;Indexes;Satellites;Synthetic aperture radar;Convolutional neural networks (CNN);scene matching area;synthetic aperture radar (SAR)}, 
doi={10.1109/LGRS.2018.2840687}, 
ISSN={1545-598X}, 
month={},}}